<record><leader>00000cas a22000007a 4500</leader><controlfield tag="001">18447389</controlfield><controlfield tag="008">880906d19221922arudr ne      0    0eng d</controlfield><datafield ind1=" " ind2=" " tag="010"><subfield code="a">sn 88051071 </subfield></datafield><datafield ind1=" " ind2=" " tag="040"><subfield code="a">ANU</subfield><subfield code="b">eng</subfield><subfield code="c">ANU</subfield><subfield code="d">OCLCQ</subfield></datafield><datafield ind1=" " ind2=" " tag="042"><subfield code="a">msc</subfield></datafield><datafield ind1="0" ind2=" " tag="130"><subfield code="a">Van Buren daily press-argus (Van Buren, Ark. : 1922)</subfield></datafield><datafield ind1="1" ind2="0" tag="245"><subfield code="a">Van Buren daily press-argus.</subfield></datafield><datafield ind1=" " ind2=" " tag="260"><subfield code="a">Van Buren, Ark. :</subfield><subfield code="b">[s.n.]</subfield></datafield><datafield ind1=" " ind2=" " tag="300"><subfield code="a">v.</subfield></datafield><datafield ind1=" " ind2=" " tag="310"><subfield code="a">Daily</subfield></datafield><datafield ind1="1" ind2=" " tag="362"><subfield code="a">Began in Oct. 1922.</subfield></datafield><datafield ind1="0" ind2=" " tag="362"><subfield code="a">-v. 26, no. 157 (Oct. 30, 1922).</subfield></datafield><datafield ind1=" " ind2=" " tag="515"><subfield code="a">Numbering is irregular.</subfield></datafield><datafield ind1=" " ind2=" " tag="588"><subfield code="a">Description based on: Vol. 26, no. 17 (Oct. 19, 1922).</subfield></datafield><datafield ind1=" " ind2=" " tag="752"><subfield code="a">United States</subfield><subfield code="b">Arkansas</subfield><subfield code="c">Crawford</subfield><subfield code="d">Van Buren.</subfield></datafield><datafield ind1="0" ind2=" " tag="775"><subfield code="t">Van Buren press-argus (Van Buren, Ark. : Weekly)</subfield><subfield code="w">(DLC)sn 85032948</subfield></datafield><datafield ind1="1" ind2=" " tag="029"><subfield code="a">AU@</subfield><subfield code="b">000025804468</subfield></datafield></record>